<record xmlns='http://www.loc.gov/MARC21/slim'><leader>01612cim a22003732u 4500</leader><controlfield tag='001'>3602047</controlfield><controlfield tag='005'>20151214183019.0</controlfield><controlfield tag='007'>ss|lmnjluz|nuu</controlfield><controlfield tag='008'>991101s1988    nyunnn         l    eng d</controlfield><datafield ind1=' ' ind2=' ' tag='035'><subfield code='a'>(NIC)notisASF9112</subfield></datafield><datafield ind1=' ' ind2=' ' tag='035'><subfield code='a'>3602047</subfield></datafield><datafield ind1=' ' ind2=' ' tag='035'><subfield code='a'>(OCoLC)63898686</subfield></datafield><datafield ind1=' ' ind2=' ' tag='040'><subfield code='a'>NIC</subfield><subfield code='c'>NIC</subfield><subfield code='d'>NIC</subfield><subfield code='d'>NIC</subfield></datafield><datafield ind1='1' ind2=' ' tag='100'><subfield code='a'>Otto, Christian F.</subfield></datafield><datafield ind1='1' ind2='0' tag='245'><subfield code='a'>Cornell on Corbu: the myth of the Corb Academy</subfield><subfield code='h'>[sound recording]</subfield></datafield><datafield ind1=' ' ind2=' ' tag='260'><subfield code='c'>1988.</subfield></datafield><datafield ind1=' ' ind2=' ' tag='300'><subfield code='a'>2 sound cassettes :</subfield><subfield code='b'>analog, mono.</subfield></datafield><datafield ind1=' ' ind2=' ' tag='500'><subfield code='a'>Recorded in Ithaca, NY by Cornell University.</subfield></datafield><datafield ind1=' ' ind2=' ' tag='500'><subfield code='a'>Sponsored by: EXEDRA (Cornell student chapter of the Society of Architectural Historians),Architecture, Department of,Architecture, Art and Planning, College of.</subfield></datafield><datafield ind1=' ' ind2=' ' tag='500'><subfield code='a'>Speaker(s): All speakers are professors of architecture at Cornell with the exception of Seligmann, who is the Dean of the School of Architecture, Syracuse University.</subfield></datafield><datafield ind1=' ' ind2=' ' tag='518'><subfield code='a'>Symposium, November 19, 1988.</subfield></datafield><datafield ind1=' ' ind2=' ' tag='520'><subfield code='a'>Panel members discuss the relationship between architecture and architectural history, particularly the past and present influence of Le Corbusier&apos;s work and theory on Cornell&apos;s design curriculum.</subfield></datafield><datafield ind1=' ' ind2='0' tag='650'><subfield code='a'>Architectural historians.</subfield></datafield><datafield ind1=' ' ind2='7' tag='650'><subfield code='a'>Architectural historians</subfield><subfield code='2'>fast</subfield><subfield code='0'>(OCoLC)fst00813269</subfield></datafield><datafield ind1='1' ind2=' ' tag='700'><subfield code='a'>Rowe, Colin.</subfield></datafield><datafield ind1='1' ind2=' ' tag='700'><subfield code='a'>Fuente, Guillaume Jullian de la.</subfield></datafield><datafield ind1='1' ind2=' ' tag='700'><subfield code='a'>Hodgen, Lee F.</subfield></datafield><datafield ind1='1' ind2=' ' tag='700'><subfield code='a'>Shaw, John.</subfield></datafield><datafield ind1='1' ind2=' ' tag='700'><subfield code='a'>Warke, Val K.</subfield></datafield><datafield ind1='1' ind2=' ' tag='700'><subfield code='a'>Seligmann, Werner.</subfield></datafield><datafield ind1='1' ind2=' ' tag='899'><subfield code='a'>CULectures</subfield></datafield><datafield ind1=' ' ind2=' ' tag='905'><subfield code='a'>20000405120000.0</subfield></datafield><datafield ind1='2' ind2=' ' tag='948'><subfield code='a'>20140701</subfield><subfield code='b'>m</subfield><subfield code='d'>cac2</subfield><subfield code='e'>lts</subfield></datafield><datafield ind1='2' ind2=' ' tag='948'><subfield code='a'>20141221</subfield><subfield code='b'>m</subfield><subfield code='d'>batch</subfield><subfield code='e'>lts</subfield><subfield code='x'>addfast</subfield></datafield></record>